<record><leader>00000cas a22000007a 4500</leader><controlfield tag="001">11798592</controlfield><controlfield tag="008">850313d18661899mnuwr ne      0    0eng d</controlfield><datafield ind1=" " ind2=" " tag="010"><subfield code="a">sn 85025571 </subfield></datafield><datafield ind1=" " ind2=" " tag="040"><subfield code="a">NPX</subfield><subfield code="b">eng</subfield><subfield code="c">NPX</subfield><subfield code="d">NPU</subfield><subfield code="d">OCL</subfield><subfield code="d">MN#</subfield><subfield code="d">NYS</subfield><subfield code="d">OCLCQ</subfield><subfield code="d">OCLCF</subfield><subfield code="d">OCLCO</subfield><subfield code="d">OCLCA</subfield></datafield><datafield ind1=" " ind2=" " tag="019"><subfield code="a">1775184</subfield></datafield><datafield ind1="1" ind2=" " tag="029"><subfield code="a">AU@</subfield><subfield code="b">000020352256</subfield></datafield><datafield ind1=" " ind2=" " tag="042"><subfield code="a">msc</subfield></datafield><datafield ind1=" " ind2=" " tag="043"><subfield code="a">n-us-mn</subfield></datafield><datafield ind1=" " ind2=" " tag="052"><subfield code="a">4144</subfield><subfield code="b">R7</subfield></datafield><datafield ind1=" " ind2=" " tag="052"><subfield code="a">4143</subfield><subfield code="b">O4</subfield></datafield><datafield ind1="0" ind2=" " tag="130"><subfield code="a">Rochester post (Rochester, Minn.)</subfield></datafield><datafield ind1="1" ind2="4" tag="245"><subfield code="a">The Rochester post.</subfield></datafield><datafield ind1=" " ind2=" " tag="260"><subfield code="a">Rochester, Olmsted Co., Minn. :</subfield><subfield code="b">Leonard &amp; Booth,</subfield><subfield code="c">1866-1899.</subfield></datafield><datafield ind1=" " ind2=" " tag="300"><subfield code="a">33 v.</subfield></datafield><datafield ind1=" " ind2=" " tag="310"><subfield code="a">Weekly</subfield></datafield><datafield ind1="0" ind2=" " tag="362"><subfield code="a">Vol. 7, no. 8 (Jan. 27, 1866)-v. 39, no. 14 (Jan. 27, 1899).</subfield></datafield><datafield ind1=" " ind2="0" tag="651"><subfield code="a">Rochester (Minn.)</subfield><subfield code="v">Newspapers.</subfield></datafield><datafield ind1=" " ind2="7" tag="655"><subfield code="a">Newspapers.</subfield><subfield code="2">fast</subfield><subfield code="0">(OCoLC)fst01423814</subfield></datafield><datafield ind1=" " ind2="7" tag="651"><subfield code="a">Minnesota</subfield><subfield code="z">Rochester.</subfield><subfield code="2">fast</subfield><subfield code="0">(OCoLC)fst01204687</subfield></datafield><datafield ind1=" " ind2=" " tag="752"><subfield code="a">United States</subfield><subfield code="b">Minnesota</subfield><subfield code="c">Olmsted</subfield><subfield code="d">Rochester.</subfield></datafield><datafield ind1="1" ind2=" " tag="775"><subfield code="t">Rochester daily leader</subfield><subfield code="w">(DLC)sn 90060308</subfield></datafield><datafield ind1="1" ind2=" " tag="775"><subfield code="t">Rochester daily post</subfield><subfield code="w">(DLC)sn 90060309</subfield></datafield><datafield ind1="0" ind2="0" tag="780"><subfield code="t">Rochester city post</subfield><subfield code="w">(DLC)sn 84031605</subfield></datafield><datafield ind1="0" ind2="5" tag="780"><subfield code="t">Rochester Republican (Rochester, Minn.)</subfield><subfield code="w">(DLC)sn 85025573</subfield></datafield><datafield ind1="0" ind2="7" tag="785"><subfield code="t">Record and union</subfield><subfield code="w">(DLC)sn 85025572</subfield></datafield><datafield ind1="0" ind2="7" tag="785"><subfield code="t">Post and record</subfield><subfield code="w">(DLC)sn 90060314</subfield></datafield></record>